%% This BibTeX bibliography file was created using BibDesk.
%% http://bibdesk.sourceforge.net/

%% Created for Natalie Cooper at 2019-03-21 12:24:36 +0000 


%% Saved with string encoding Unicode (UTF-8) 



@article{cite-key,
	Author = {Amanda Monta{\~n}ez},
	Date-Added = {2019-03-21 12:21:28 +0000},
	Date-Modified = {2019-03-21 12:24:36 +0000},
	Journal = {Scientific American},
	Pages = {50-51. doi:10.1038/scientificamerican0917-50},
	Title = {Beyond XX and XY},
	Volume = {317},
	Year = {2017}}

@article{robinson2012sex,
	Author = {Robinson, Stacey A and Lajeunesse, Marc J and Forbes, Mark R},
	Date-Added = {2019-03-21 12:17:45 +0000},
	Date-Modified = {2019-03-21 12:17:58 +0000},
	Journal = {Environmental Science & Technology},
	Number = {13},
	Pages = {7094--7101},
	Publisher = {ACS Publications},
	Title = {Sex differences in mercury contamination of birds: testing multiple hypotheses with meta-analysis},
	Volume = {46},
	Year = {2012}}

@article{machin2008,
	Author = {Machin, Rebecca},
	Date-Added = {2019-03-21 12:14:18 +0000},
	Date-Modified = {2019-03-21 12:16:46 +0000},
	Journal = {Museum & Society},
	Pages = {54-67},
	Title = {Gender representation in the natural history galleries at Manchester Museum},
	Volume = {6},
	Year = {2008}}

@article{schuchert1897type,
	Author = {Schuchert, Charles},
	Date-Added = {2019-03-12 14:31:10 +0000},
	Date-Modified = {2019-03-12 14:31:10 +0000},
	Journal = {Science},
	Number = {121},
	Pages = {636--640},
	Publisher = {JSTOR},
	Title = {What is a type in natural history?},
	Volume = {5},
	Year = {1897}}

@article{pyke2010biological,
	Author = {Pyke, Graham H and Ehrlich, Paul R},
	Date-Added = {2019-03-12 14:19:41 +0000},
	Date-Modified = {2019-03-12 14:19:46 +0000},
	Journal = {Biological Reviews},
	Number = {2},
	Pages = {247--266},
	Publisher = {Wiley Online Library},
	Title = {Biological collections and ecological/environmental research: a review, some observations and a look to the future},
	Volume = {85},
	Year = {2010}}

@article{lister2011natural,
	Author = {Lister, Adrian M and Climate Change Research Group and others},
	Date-Added = {2019-03-12 14:16:40 +0000},
	Date-Modified = {2019-03-12 14:16:58 +0000},
	Journal = {TREE},
	Number = {4},
	Pages = {153--154},
	Publisher = {Elsevier},
	Title = {Natural history collections as sources of long-term datasets},
	Volume = {26},
	Year = {2011}}

@article{gbif,
	Date-Added = {2019-02-08 19:24:39 +0000},
	Date-Modified = {2019-02-08 19:25:49 +0000},
	Journal = {https://www.gbif.org/},
	Title = {GBIF: The Global Biodiversity Information Facility},
	Year = {2018}}

@article{nhm-all,
	Author = {Natural History Museum},
	Date-Added = {2019-02-08 19:23:30 +0000},
	Date-Modified = {2019-02-08 19:28:20 +0000},
	Journal = {Collection Specimens. Occurrence dataset https://doi.org/10.5519/0002965 accessed via GBIF.org on 2018-08-09.},
	Title = {Natural History Museum (London) Collection Specimens},
	Year = {2018}}

@article{smithsonian-both,
	Author = {Orrell, T and Hollowell, T},
	Date-Added = {2019-02-08 19:21:36 +0000},
	Date-Modified = {2019-02-08 19:28:42 +0000},
	Journal = {National Museum of Natural History, Smithsonian Institution. Occurrence Dataset https://doi.org/10.15468/hnhrg3 accessed via GBIF.org on 2018-08-09},
	Title = {NMNH Extant Specimen Records. Version 1.16},
	Year = {2018}}

@article{mnhn-mammals,
	Author = {Museum national d'Histoire naturelle},
	Date-Added = {2019-02-08 19:20:47 +0000},
	Date-Modified = {2019-02-08 19:28:06 +0000},
	Journal = {Occurrence Dataset https://doi.org/10.15468/j0xw9i accessed via GBIF.org on 2018-08-09},
	Title = {The mammals collection (ZM) of the Mus{\'e}um national d'Histoire naturelle (MNHN - Paris). Version 43.55},
	Year = {2018}}

@article{mnhn-birds,
	Author = {Museum national d'Histoire naturelle},
	Date-Added = {2019-02-08 19:19:53 +0000},
	Date-Modified = {2019-02-08 19:27:58 +0000},
	Journal = {Occurrence dataset https://doi.org/10.15468/h0xtwv accessed via GBIF.org on 2018-08-03},
	Title = {The birds collection (ZO) of the Mus{\'e}um national d'Histoire Naturelle (MNHN - Paris). Version 42.70},
	Year = {2018}}

@article{amnh-birds,
	Author = {Trombone, T},
	Date-Added = {2019-02-08 19:19:15 +0000},
	Date-Modified = {2019-02-08 19:19:46 +0000},
	Journal = {American Museum of Natural History. Occurrence dataset https://doi.org/10.15468/xvzdcm accessed via GBIF.org on 2018-08-03},
	Title = {AMNH Bird Collection},
	Year = {2013}}

@article{amnh-mammals,
	Author = {Trombone, T},
	Date-Added = {2019-02-08 19:18:19 +0000},
	Date-Modified = {2019-02-08 19:27:12 +0000},
	Journal = {American Museum of Natural History. Occurrence Dataset https://doi.org/10.15468/wu3poe accessed via GBIF.org on 2018-08-09},
	Title = {AMNH Mammal Collections.},
	Year = {2016}}

@article{fmnh-birds,
	Author = {Grant, S and Marks, B},
	Date-Added = {2019-02-08 19:17:32 +0000},
	Date-Modified = {2019-02-08 19:18:11 +0000},
	Journal = {Field Museum. Occurrence dataset https://doi.org/10.15468/exkxdx accessed via GBIF.org on 2018-08-03.},
	Title = {Field Museum of Natural History (Zoology) Bird Collection. Version 14.4.},
	Year = {2018}}

@article{fmnh-mammals,
	Author = {Grant, S and Ferguson, A},
	Date-Added = {2019-02-08 19:15:42 +0000},
	Date-Modified = {2019-02-08 19:27:29 +0000},
	Journal = {Field Museum. Occurrence Dataset https://doi.org/10.15468/n4zgxw accessed via GBIF.org on 2018-08-09},
	Title = {Field Museum of Natural History (Zoology) Mammal Collection. Version 9.3.},
	Year = {2018}}

@manual{R,
	Address = {Vienna, Austria},
	Author = {{R Core Team}},
	Date-Added = {2019-02-08 19:12:27 +0000},
	Date-Modified = {2019-02-08 19:12:44 +0000},
	Organization = {R Foundation for Statistical Computing},
	Title = {R: a language and environment for statistical computing},
	Url = {http://www.R-project.org},
	Year = {2019},
	Bdsk-Url-1 = {http://www.R-project.org}}

@article{lislevand2007avian,
	Author = {Lislevand, Terje and Figuerola, Jordi and Sz{\'e}kely, Tam{\'a}s},
	Date-Added = {2019-02-08 19:10:43 +0000},
	Date-Modified = {2019-02-08 19:10:43 +0000},
	Journal = {Ecology},
	Number = {6},
	Pages = {1605--1605},
	Publisher = {Wiley Online Library},
	Title = {Avian body sizes in relation to fecundity, mating system, display behavior, and resource sharing},
	Volume = {88},
	Year = {2007}}

@article{berger1999sex,
	Author = {Berger, Joel and Gompper, Matthew E},
	Date-Added = {2019-02-08 19:08:36 +0000},
	Date-Modified = {2019-02-08 19:08:36 +0000},
	Journal = {Journal of Mammalogy},
	Number = {4},
	Pages = {1084--1113},
	Publisher = {American Society of Mammalogists 810 East 10th Street, PO Box 1897, Lawrence~{\ldots}},
	Title = {Sex ratios in extant ungulates: products of contemporary predation or past life histories?},
	Volume = {80},
	Year = {1999}}

@article{encarnaccao2012spatiotemporal,
	Author = {Encarna{\c{c}}{\~a}o, Jorge A},
	Date-Added = {2019-02-08 19:07:54 +0000},
	Date-Modified = {2019-02-08 19:07:59 +0000},
	Journal = {Journal of Ethology},
	Number = {2},
	Pages = {271--278},
	Publisher = {Springer},
	Title = {Spatiotemporal pattern of local sexual segregation in a tree-dwelling temperate bat Myotis daubentonii},
	Volume = {30},
	Year = {2012}}

@article{mayr1939sex,
	Author = {Mayr, Ernst},
	Date-Added = {2019-02-08 19:06:22 +0000},
	Date-Modified = {2019-02-08 19:06:22 +0000},
	Journal = {The American Naturalist},
	Number = {745},
	Pages = {156--179},
	Publisher = {Science Press},
	Title = {The sex ratio in wild birds},
	Volume = {73},
	Year = {1939}}

@article{cooper2009factors,
	Author = {Cooper, Natalie and Purvis, Andy},
	Date-Added = {2019-02-08 19:00:54 +0000},
	Date-Modified = {2019-02-08 19:01:03 +0000},
	Journal = {Journal of Evolutionary Biology},
	Number = {5},
	Pages = {1024--1035},
	Publisher = {Wiley Online Library},
	Title = {What factors shape rates of phenotypic evolution? A comparative study of cranial morphology of four mammalian clades},
	Volume = {22},
	Year = {2009}}

@article{felice2018developmental,
	Author = {Felice, Ryan N and Goswami, Anjali},
	Date-Added = {2019-02-08 18:59:59 +0000},
	Date-Modified = {2019-02-08 18:59:59 +0000},
	Journal = {Proceedings of the National Academy of Sciences},
	Number = {3},
	Pages = {555--560},
	Publisher = {National Acad Sciences},
	Title = {Developmental origins of mosaic evolution in the avian cranium},
	Volume = {115},
	Year = {2018}}

@article{cooney2017mega,
	Author = {Cooney, Christopher R and Bright, Jen A and Capp, Elliot JR and Chira, Angela M and Hughes, Emma C and Moody, Christopher JA and Nouri, Lara O and Varley, Zo{\"e} K and Thomas, Gavin H},
	Date-Added = {2019-02-08 18:59:32 +0000},
	Date-Modified = {2019-02-08 18:59:32 +0000},
	Journal = {Nature},
	Number = {7641},
	Pages = {344},
	Publisher = {Nature Publishing Group},
	Title = {Mega-evolutionary dynamics of the adaptive radiation of birds},
	Volume = {542},
	Year = {2017}}

@article{meineke2018biological,
	Author = {Meineke, Emily K and Davies, T Jonathan and Daru, Barnabas H and Davis, Charles C},
	Date-Added = {2019-02-08 18:57:22 +0000},
	Date-Modified = {2019-02-08 18:58:37 +0000},
	Journal = {Philosophical Transactions of the Royal Society B},
	Pages = {20170386},
	Publisher = {The Royal Society},
	Title = {Biological collections for understanding biodiversity in the Anthropocene},
	Volume = {374},
	Year = {2019}}

@article{laviola1992sexual,
	Author = {Laviola, Giovanni and Loggi, Giampietro},
	Date-Added = {2019-02-08 18:56:06 +0000},
	Date-Modified = {2019-02-08 18:56:06 +0000},
	Journal = {Pharmacology Biochemistry and Behavior},
	Number = {4},
	Pages = {865--870},
	Publisher = {Elsevier},
	Title = {Sexual segregation in infancy and bi-directional benzodiazepine effects on hot-plate response and neophobia in adult mice},
	Volume = {42},
	Year = {1992}}

@article{dale2015data,
	Author = {Dale, James and Dey, Cody J and Delhey, Kaspar and Kempenaers, Bart and Valcu, Mihai},
	Date-Added = {2019-02-08 18:55:02 +0000},
	Date-Modified = {2019-02-08 18:55:39 +0000},
	Journal = {Dryad Digital Repository. https://doi.org/10.5061/dryad.1rp0s},
	Title = {Data from: The effects of life history and sexual selection on male and female plumage colouration},
	Year = {2015}}

@article{dale2015effects,
	Author = {Dale, James and Dey, Cody J and Delhey, Kaspar and Kempenaers, Bart and Valcu, Mihai},
	Date-Added = {2019-02-08 18:54:42 +0000},
	Date-Modified = {2019-02-08 18:54:42 +0000},
	Journal = {Nature},
	Number = {7578},
	Pages = {367},
	Publisher = {Nature Publishing Group},
	Title = {The effects of life history and sexual selection on male and female plumage colouration},
	Volume = {527},
	Year = {2015}}

@article{crane2017patterns,
	Author = {Crane, Adam L and Ferrari, Maud CO},
	Date-Added = {2019-02-08 18:54:08 +0000},
	Date-Modified = {2019-02-08 18:54:08 +0000},
	Journal = {Proceedings of the Royal Society B: Biological Sciences},
	Number = {1861},
	Pages = {20170583},
	Publisher = {The Royal Society},
	Title = {Patterns of predator neophobia: a meta-analytic review},
	Volume = {284},
	Year = {2017}}

@book{wilson2005mammal,
	Author = {Wilson, Don E and Reeder, DeeAnn M},
	Date-Added = {2019-02-08 18:53:42 +0000},
	Date-Modified = {2019-02-08 18:53:42 +0000},
	Publisher = {JHU Press},
	Title = {Mammal species of the world: a taxonomic and geographic reference},
	Volume = {1},
	Year = {2005}}

@article{pantheria,
	Author = {Jones, Kate E. and Bielby, Jon and Cardillo, Marcel and Fritz, Susanne A. and O'Dell, Justin and Orme, C. David L. and Safi, Kamran and Sechrest, Wes and Boakes, Elizabeth H. and Carbone, Chris and Connolly, Christina and Cutts, Michael J. and Foster, Janine K. and Grenyer, Richard and Habib, Michael and Plaster, Christopher A. and Price, Samantha A. and Rigby, Elizabeth A. and Rist, Janna and Teacher, Amber and Bininda-Emonds, Olaf R. P. and Gittleman, John L. and Mace, Georgina M. and Purvis, Andy},
	Date-Added = {2019-02-08 18:52:14 +0000},
	Date-Modified = {2019-02-08 18:52:24 +0000},
	Doi = {10.1890/08-1494.1},
	Eprint = {https://esajournals.onlinelibrary.wiley.com/doi/pdf/10.1890/08-1494.1},
	Journal = {Ecology},
	Keywords = {behavior, biogeography, body size, climatic variables, comparative analyses, conservation, ecology, geographic range, life history, mammals, PanTHERIA, population density},
	Number = {9},
	Pages = {2648-2648},
	Title = {PanTHERIA: a species-level database of life history, ecology, and geography of extant and recently extinct mammals},
	Url = {https://esajournals.onlinelibrary.wiley.com/doi/abs/10.1890/08-1494.1},
	Volume = {90},
	Year = {2009},
	Bdsk-Url-1 = {https://esajournals.onlinelibrary.wiley.com/doi/abs/10.1890/08-1494.1},
	Bdsk-Url-2 = {https://doi.org/10.1890/08-1494.1}}

@article{mclean2015natural,
	Author = {McLean, Bryan S and Bell, Kayce C and Dunnum, Jonathan L and Abrahamson, Bethany and Colella, Jocelyn P and Deardorff, Eleanor R and Weber, Jessica A and Jones, Amanda K and Salazar-Miralles, Fernando and Cook, Joseph A},
	Date-Added = {2019-02-08 18:49:20 +0000},
	Date-Modified = {2019-02-08 18:49:26 +0000},
	Journal = {Journal of Mammalogy},
	Number = {1},
	Pages = {287--297},
	Publisher = {Oxford University Press US},
	Title = {Natural history collections-based research: progress, promise, and best practices},
	Volume = {97},
	Year = {2015}}

@book{karlin1986theoretical,
	Author = {Karlin, Samuel and Lessard, Sabin},
	Date-Added = {2019-02-08 18:48:57 +0000},
	Date-Modified = {2019-02-08 18:48:57 +0000},
	Publisher = {Princeton University Press},
	Title = {Theoretical studies on sex ratio evolution},
	Volume = {22},
	Year = {1986}}

@article{defreitas2015,
	Author = {de Freitas, Carlos H and Justino, Carla S and Setz, Eleonore ZF},
	Date-Added = {2019-02-08 18:47:41 +0000},
	Date-Modified = {2019-02-08 19:07:05 +0000},
	Journal = {Wildlife Research},
	Number = {8},
	Pages = {673--680},
	Publisher = {CSIRO},
	Title = {Road-kills of the giant anteater in south-eastern Brazil: 10 years monitoring spatial and temporal determinants},
	Volume = {41},
	Year = {2015}}

@article{reyes2015informacion,
	Author = {Reyes-Amaya, Nicol{\'a}s and Guti{\'e}rrez-Sanabria, Diego R and Castillo-Navarro, Yeimy and Rodr{\'\i}guez, Ra{\'u}l A and Plese, Tinka},
	Date-Added = {2019-02-08 18:46:48 +0000},
	Date-Modified = {2019-02-08 18:47:11 +0000},
	Journal = {Mastozoolog{\'\i}a Neotropical},
	Number = {2},
	Pages = {409--415},
	Publisher = {SciELO Argentina},
	Title = {Informaci{\'o}n demogr{\'a}fica de Bradypus variegatus, Choloepus hoffmanni y Cyclopes didactylus (Xenarthra: Pilosa) en un bosque h{\'u}medo tropical secundario de Santander, Colombia},
	Volume = {22},
	Year = {2015}}

@article{bosque2019skewed,
	Author = {Bosque, Carlos and Pacheco, M Andre{\'\i}na},
	Date-Added = {2019-02-08 18:46:14 +0000},
	Date-Modified = {2019-02-08 18:46:14 +0000},
	Journal = {Journal of Field Ornithology},
	Publisher = {Wiley Online Library},
	Title = {Skewed adult sex ratios in Columbina ground doves from Venezuela},
	Year = {2019}}

@article{szekely2014sex,
	Author = {Sz{\'e}kely, Tam{\'a}s and Liker, Andr{\'a}s and Freckleton, Robert P and Fichtel, Claudia and Kappeler, Peter M},
	Date-Added = {2019-02-08 18:45:23 +0000},
	Date-Modified = {2019-02-08 18:45:23 +0000},
	Journal = {Proceedings of the Royal Society of London B: Biological Sciences},
	Number = {1788},
	Pages = {20140342},
	Publisher = {The Royal Society},
	Title = {Sex-biased survival predicts adult sex ratio variation in wild birds},
	Volume = {281},
	Year = {2014}}

@inbook{altringham,
	Author = {Altringham, John D and Senior, Paula and Ruckstuhl, KE and Neuhaus, P},
	Chapter = {Social systems and ecology of bats},
	Date-Added = {2019-02-08 18:41:38 +0000},
	Date-Modified = {2019-02-08 18:44:43 +0000},
	Editor = {KE Ruckstuhl and P. Neuhaus},
	Pages = {280-302},
	Publisher = {Cambridge University Press},
	Title = {Sexual segregation in vertebrates},
	Year = {2005}}
